<?xml version="1.0" encoding="UTF-8"?><collection xmlns="http://www.loc.gov/MARC21/slim"><record><leader>00412nam--2200133-i-4500</leader><controlfield tag="001">000013496</controlfield><controlfield tag="002">20161230</controlfield><controlfield tag="005">20161230201030</controlfield><controlfield tag="008">060222s1000------------r-----000-0-eng-d</controlfield><datafield ind1=" " ind2=" " tag="100"><subfield code="a">Cocouerez, Jean-pierre Et Devars, Jean</subfield></datafield><datafield ind1=" " ind2=" " tag="245"><subfield code="a">Microprocesseurs a l usage des electroniciens. structure et fonctionnement</subfield></datafield><datafield ind1=" " ind2=" " tag="260"><subfield code="a">Paris, Editions Eyrolles, 1980</subfield></datafield><datafield ind1=" " ind2=" " tag="490"><subfield code="a">Collection Ingenieurs E.E.A</subfield></datafield><datafield ind1=" " ind2=" " tag="852"><subfield code="a">681.3.012</subfield></datafield></record></collection>